% This file was created with JabRef 2.3.1.
% Encoding: UTF-8

@ONLINE{sitios_web,
  author = {{Rana Negra}},
  title = {¿Cuántos sitios web hay en internet?},
  year = 2018,
  url = {https://www.rananegra.es/blog/cuantos-sitios-web-hay-internet},
  urldate = {2019.02.17}
}

@ONLINE{feeds_rss,
  author = {{Toni Castillo}},
  title = {Digg Reader cierra a finales de marzo, pero todavía puedes salvar tus RSS con estas alternativas},
  year = 2018,
  url = {https://www.genbeta.com/sindicacion/digg-reader-cierra-a-finales-de-marzo-pero-todavia-puedes-salvar-tus-rss-con-estas-alternativas},
  urldate = {2019.02.24}
}

@ONLINE{feedly_wikipedia,
  author = {{Wikipedia}},
  title = {Feedly},
  year = 2017,
  url = {https://es.wikipedia.org/wiki/Feedly},
  urldate = {2019.02.24}
}

@ONLINE{feedly_recommendations,
  author = {{Paul Bonduelle}},
  title = {The data science behind recommendations in Feedly},
  year = 2018,
  url = {https://blog.feedly.com/data-science-behind-recommendations-in-feedly/},
  urldate = {2019.02.24}
}

@ONLINE{flipboard_wikipedia,
  author = {{Wikipedia}},
  title = {Flipboard},
  year = 2018,
  url = {https://es.wikipedia.org/wiki/Flipboard},
  urldate = {2019.02.24}
}

@comment{jabref-meta: selector_publisher:}

@comment{jabref-meta: selector_author:}

@comment{jabref-meta: selector_journal:}

@comment{jabref-meta: selector_keywords:}

